@article{bacon78,
author = { D. J.   Bacon },
title = {The effect of dissociation on dislocation energy and line tension},
journal = {Philosophical Magazine A},
volume = {38},
number = {3},
pages = {333-339},
year = {1978},
doi = {10.1080/01418617808239237},

URL = { 
        http://dx.doi.org/10.1080/01418617808239237
    
},
eprint = { 
        http://dx.doi.org/10.1080/01418617808239237
    
}

}


