@book{hirth1982theory,
  title={Theory of Dislocations},
  author={Hirth, J.P. and Lothe, J.},
  isbn={9780894646171},
  lccn={91017004},
  url={https://books.google.je/books?id=LFZGAAAAYAAJ},
  year={1982},
  publisher={Krieger Publishing Company}
}
